
% https://www.youtube.com/watch?v=3ZXbRJVvgJs
% https://www.exascaleproject.org/event/amd-gpuprogramming-hip/
@unpublished{amdConferenceTalk,
title= {Introduction to {AMD} {GPU} programming with {HIP}},
author = {René van Oostrum 
and Noel Chalmers 
and Damon McDougall 
and Paul Bauman 
and Nicholas Curtis 
and Nicholas Malaya 
and Noah Wolfe},
year = {2019},
note= {Frontier application readiness kick-off workshop}
}

%https://link-springer-com.ezproxy.lib.calpoly.edu/chapter/10.1007%2F978-3-030-71593-9_9
@InProceedings{Ginkgo,
title={Preparing {Ginkgo} for {AMD GPUs} -- a testimonial on porting {CUDA} code to {HIP}},
author={Tsai, Yuhsiang M.
and Cojean, Terry
and Ribizel, Tobias
and Anzt, Hartwig},
editor={Balis, Bartosz
and B. Heras, Dora
and Antonelli, Laura
and Bracciali, Andrea
and Gruber, Thomas
and Hyun-Wook, Jin
and Kuhn, Michael
and Scott, Stephen L.
and Unat, Didem
and Wyrzykowski, Roman},
booktitle={Euro-Par 2020: Parallel Processing Workshops},
year={2021},
publisher={Springer International Publishing},
address={Cham},
pages={109--121}
}

%https://ieeexplore-ieee-org.ezproxy.lib.calpoly.edu/document/7476485
@InProceedings{gcnArch,
title={{AMD Radeon HD} 7970 with graphics core next ({GCN}) architecture},
author={Mantor, Mike},
booktitle={2012 IEEE Hot Chips 24 Symposium (HCS)}, 
year={2012},
publisher={IEEE},
pages={1-35},
doi={10.1109/HOTCHIPS.2012.7476485}}
  
%https://www.sciencedirect.com/science/article/pii/S0167819111001281?via%3Dihub
@article{pycuda,
title = {{PyCUDA} and {PyOpenCL}: A scripting-based approach to {GPU} run-time code generation},
author = {Andreas Klöckner and Nicolas Pinto and Yunsup Lee and Bryan Catanzaro and Paul Ivanov and Ahmed Fasih},
journal = {Parallel Computing},
volume = {38},
number = {3},
pages = {157-174},
year = {2012},
issn = {0167-8191},
doi = {https://doi.org/10.1016/j.parco.2011.09.001}
}

%https://www.jonpeddie.com/press-releases/gpu-shipments-soar-in-q2-year-over-year
@article{marketshare,
title = {{Q2 GPU} shipments soar year-to-year},
author = {Jon Peddie and Robert Dow},
journal = {Jon Peddie Research},
year={2021}
}
 
%https://www.amd.com/en/graphics/servers-solutions-rocm
@article{rocm, 
author={{Advanced Micro Devices}},
title={{AMD ROCM} Open Software Platform}, url={https://www.amd.com/en/graphics/servers-solutions-rocm}, journal={AMD},
year={2021}
}

%https://developer.nvidia.com/cuda-toolkit
@article{cuda, 
author={{NVIDIA corporation}},
title={{CUDA} Toolkit}, url={https://developer.nvidia.com/cuda-toolkit}, 
journal={NVIDIA Developer}, 
year={2021}
} 

%https://docs.nvidia.com/cuda/cuda-compiler-driver-nvcc/index.html
%https://docs.nvidia.com/cuda/pdf/CUDA_Compiler_Driver_NVCC.pdf
@article{nvcc,
author={{NVIDIA corporation}},
title={{CUDA} Compiler Driver {NVCC} Reference Guide},
journal={NVIDIA Developer Zone}, 
url={https://docs.nvidia.com/cuda/cuda-compiler-driver-nvcc/},
year={2021}
}

%https://rocmdocs.amd.com/en/latest/Programming_Guides/Programming-Guides.html
@article{hip,
author={{Advanced Micro Devices}},
title={{HIP} Programming Guide v4.5},
journal={ROCm Docs}, 
url={https://rocmdocs.amd.com/en/latest/Programming_Guides/Programming-Guides.html},
year={2021}
}

%https://rocmdocs.amd.com/en/latest/Programming_Guides/HIP-FAQ.html#can-i-develop-hip-code-on-nvidia-cuda-platform
@article{hipfaq,
author={{Advanced Micro Devices}},
title={{HIP-FAQ}},
journal={ROCm Docs}, 
url={https://rocmdocs.amd.com/en/latest/Programming_Guides/HIP-FAQ},
year={2021}
}
%https://ieeexplore-ieee-org.ezproxy.lib.calpoly.edu/document/9092407
@InProceedings{lessonsLearned,
author={Oden, Lena},
booktitle={2020 28th Euromicro International Conference on Parallel, Distributed and Network-Based Processing (PDP)}, 
title={Lessons learned from comparing {C-CUDA} and {Python-Numba} for {GPU}-Computing}, 
year={2020},
pages={216-223},
organization={IEEE},
doi={10.1109/PDP50117.2020.00041}}

% https://arxiv.org/pdf/1912.02607.pdf
@article{gpucomppy,
title={{GPU} Computing with {Python}: Performance, Energy Efficiency and Usability},
author={Holm, Håvard H. and Brodtkorb, André R. and Sætra, Martin L.},
volume={8},
ISSN={2079-3197},
url={http://dx.doi.org/10.3390/computation8010004},
DOI={10.3390/computation8010004},
number={1},
journal={Computation},
publisher={MDPI AG},
year={2020},
pages={4}
}

%https://insights.stackoverflow.com/survey/2021#technology
@article{soSurvey,
title={2021 Developer Survey},
journal={Stack Overflow}, 
url={https://insights.stackoverflow.com/survey/2021},
year={2021}
}

%https://ieeexplore-ieee-org.ezproxy.lib.calpoly.edu/document/7194625
@InProceedings{rosetta,
title={A comparative study of programming languages in {Rosetta Code}}, 
author={Nanz, Sebastian and Furia, Carlo A.},
booktitle={2015 IEEE/ACM 37th IEEE International Conference on Software Engineering}, 
year={2015},
volume={1},
pages={778-788},
doi={10.1109/ICSE.2015.90}
}

%https://docs.python.org/3/c-api/init.html
@article{cpythonthreads,
title={Initialization, Finalization, and Threads},
journal={Python 3.10.0 Documentation}, 
url={https://docs.python.org/3/c-api/init.html},
year={2021}
}

%https://numba.pydata.org/numba-doc/latest/roc/overview.html
@article{numbaRocm,
title={{Numba} for {AMD ROC GPUs}},
journal={Numba Documentation}, 
url={https://numba.pydata.org/numba-doc/latest/roc/overview.html},
year={2020}
}

%https://numpy.org/doc/stable/
@article{numpyDocs,
title={{NumPy} v1.21 Manual},
journal={NumPy}, 
url={https://numpy.org/doc/stable/},
year={2021}
}

%https://numpy.org/doc/stable/user/c-info.html
@article{numpyCApi,
title={Using {NumPy C-API}},
journal={NumPy}, 
url={https://numpy.org/doc/stable/},
year={2021}
}

% https://www.nature.com/articles/s41586-020-2649-2#citeas
@article{arrayNumpy,
title={Array programming with {NumPy}},
author={Harris, Charles R and Millman, K Jarrod and van der Walt, St{\'e}fan J and Gommers, Ralf and Virtanen, Pauli and Cournapeau, David and Wieser, Eric and Taylor, Julian and Berg, Sebastian and Smith, Nathaniel J and others},
journal={Nature},
volume={585},
number={7825},
pages={357--362},
year={2020},
publisher={Nature Publishing Group}
}

% https://www.nature.com/articles/s41592-019-0686-2?es_p=11046330
@article{scipy,
title={{SciPy} 1.0: fundamental algorithms for scientific computing in {Python}},
author={Virtanen, Pauli and Gommers, Ralf and Oliphant, Travis E and Haberland, Matt and Reddy, Tyler and Cournapeau, David and Burovski, Evgeni and Peterson, Pearu and Weckesser, Warren and Bright, Jonathan and others},
journal={Nature methods},
volume={17},
number={3},
pages={261--272},
year={2020},
publisher={Nature Publishing Group}
}

%https://docs.scipy.org/doc/scipy/reference/tutorial/general.html
@MISC{scipyDocs,
title={User Guide},
journal={SciPy Documentation}, 
url={https://docs.scipy.org/doc/scipy/reference/tutorial/general.html},
year={2021}
}

%https://svn.scipy.org/scikits.html
@article{scikits,
title={{SciKits}},
journal={SciPy.org}, 
url={https://svn.scipy.org/scikits.html},
year={2021}
}

%http://learningsys.org/nips17/assets/papers/paper_16.pdf
@article{cupy,
title={{CuPy}: A {NumPy}-compatible library for {NVIDIA GPU} calculations},
author={Nishino, ROYUD and Loomis, Shohei Hido Crissman},
journal={31st confernce on neural information processing systems},
volume={151},
year={2017}
}

%https://cupy.dev
@article{cupyDocs,
title={{CuPy}: {NumPy/SciPy}-compatible Array Library for {GPU}-accelerated Computing with {Python}},
journal={CuPy}, 
url={https://cupy.dev},
year={2021}
}

%https://docs.cupy.dev/en/v7.8.0/install_rocm.html
@article{cupyRocm,
title={[{Experimental}] {Installation} Guide for {ROCm} environment},
journal={CuPy}, 
url={https://cupy.dev},
year={2021}
}

%https://medium.com/rapids-ai/single-gpu-cupy-speedups-ea99cbbb0cbb
@article{cupyPerformance,
title={Single-{GPU} {CuPy} Speedups},
author={Peter Andreas Entschev},
journal={Medium}, 
url={https://medium.com/rapids-ai/single-gpu-cupy-speedups-ea99cbbb0cbb},
publisher={Rapids AI},
year={2019}
}

%https://github.com/scipy/scipy/blob/master/scipy/ndimage/_filters.py#L210-L261
@MISC{scipyGaussianSrc,
author  = {Virtanen, Pauli and Gommers, Ralf and Oliphant, Travis E. and Haberland, Matt and Reddy, Tyler and Cournapeau, David and Burovski, Evgeni and Peterson, Pearu and Weckesser, Warren and Bright, Jonathan and {van der Walt}, St{\'e}fan J. and Brett, Matthew and Wilson, Joshua and Millman, K. Jarrod and Mayorov, Nikolay and Nelson, Andrew R. J. and Jones, Eric and
Kern, Robert and Larson, Eric and Carey, C J and
Polat, {\.I}lhan and Feng, Yu and Moore, Eric W. and
{VanderPlas}, Jake and Laxalde, Denis and Perktold, Josef and
Cimrman, Robert and Henriksen, Ian and Quintero, E. A. and
Harris, Charles R. and Archibald, Anne M. and
Ribeiro, Ant{\^o}nio H. and Pedregosa, Fabian and
{van Mulbregt}, Paul and {SciPy 1.0 Contributors}},
title   = {{SciPy} 1.0: Fundamental Algorithms for Scientific Computing in Python},
journal = {Nature Methods},
year    = {2020},
volume  = {17},
pages   = {261--272},
adsurl  = {https://rdcu.be/b08Wh},
doi     = {10.1038/s41592-019-0686-2},
}

% The green book
@book{greenBook,
title={Programming massively parallel processors: a hands-on approach},
author={Kirk, David and Wen-Mei, W Hwu},
year={2016},
edition={3},
publisher={Morgan kaufmann}
}

% https://ieeexplore.ieee.org/abstract/document/1097737?casa_token=KC6w3p_qtAYAAAAA:_9FS8vbhcOmkmU7XHe8Otb3HlnLuJjhEXYfI6M6WVChhkY0rgyNmW7R63r2pPwGaMncFrfqhaw
@article{gaussEdge,
title={Gaussian-based edge-detection methods-a survey},
author={Basu, Mitra},
journal={IEEE Transactions on Systems, Man, and Cybernetics, Part C (Applications and Reviews)},
volume={32},
number={3},
pages={252--260},
year={2002},
publisher={IEEE}
}

%https://scikit-image.org/docs/dev/auto_examples/color_exposure/plot_rgb_to_gray.html
@article{skirgb2grey,
title={{RGB} to grayscale},
journal={scikit-image}, 
url={https://scikit-image.org/docs/dev/auto_examples/color_exposure/plot_rgb_to_gray.html},
year={2021}
}

%https://ieeexplore.ieee.org/stamp/stamp.jsp?tp=&arnumber=8388338
@inproceedings{dataAugment,
title={Data augmentation for improving deep learning in image classification problem},
author={Miko{\l}ajczyk, Agnieszka and Grochowski, Micha{\l}},
booktitle={2018 international interdisciplinary PhD workshop (IIPhDW)},
pages={117--122},
year={2018},
organization={IEEE}
}

%https://arxiv.org/pdf/1712.04621.pdf
@article{effectivenessDataAugmentation,
title={The effectiveness of data augmentation in image classification using deep learning},
author={Perez, Luis and Wang, Jason},
journal={arXiv preprint arXiv:1712.04621},
year={2017}
}

%https://blog.keras.io/building-powerful-image-classification-models-using-very-little-data.html
@article{imageDataGenerator,
author={Francois Chollet},
title={Building powerful image classification models using very little data},
journal={The Keras Blog}, 
url={https://blog.keras.io/building-powerful-image-classification-models-using-very-little-data.html},
year={2016}
}

%https://journalofbigdata.springeropen.com/articles/10.1186/s40537-019-0197-0#citeas
@article{imageAugmentationSurvey,
title={A survey on image data augmentation for deep learning},
author={Shorten, Connor and Khoshgoftaar, Taghi M},
journal={Journal of Big Data},
volume={6},
number={1},
pages={1-48},
year={2019},
publisher={Springer}
}

%https://www.researchgate.net/publication/319589025_Using_the_Integrated_GPU_to_Improve_CPU_Sort_Performance
@inproceedings{gpuSortPerformance,
author = {Lupescu, Grigore and Slusanschi, Emil and Tapus, Nicolae},
year = {2017},
pages = {39-44},
title = {Using the Integrated GPU to Improve CPU Sort Performance},
doi = {10.1109/ICPPW.2017.19},
booktitle={2017 46th International Conference on Parallel Processing Workshops (ICPPW)},
}

%https://www.techpowerup.com/gpu-specs/docs/amd-gcn1-architecture.pdf
@techreport{gcnWhitepaper,
author={{Advanced Micro Devices}},
title = {AMD Graphics Core Next (GCN) Architecture},
publisher={TechPowerUp},
group = {Advanced Micro Devices},
year = {2012},
}

%https://rocmdocs.amd.com/en/latest/Remote_Device_Programming/Remote-Device-Programming.html
@article{rocmrdma,
author={{Advanced Micro Devices}},
title={Remote Device Programming},
journal={ROCm Docs}, 
url={https://rocmdocs.amd.com/en/latest/Remote_Device_Programming/Remote-Device-Programming.html},
year={2021},
publisher={Advanced Micro Devices}
}


%https://rocmdocs.amd.com/en/latest/Installation_Guide/Installation_new.html#confirm-you-have-a-rocm-capable-gpu
@article{rocmCompatibility,
author={{Advanced Micro Devices}},
title={{ROCm} Installation Guide v4.5},
journal={ROCm Docs}, 
url={https://rocmdocs.amd.com/en/latest/Installation_Guide/Installation_new.html#confirm-you-have-a-rocm-capable-gpu},
year={2021},
publisher={Advanced Micro Devices}
}

%https://rocmdocs.amd.com/en/latest/
@article{rocmDocs,
author={{Advanced Micro Devices}},
title={Welcome to AMD {ROCm} Platform},
journal={ROCm Docs}, 
url={https://rocmdocs.amd.com/en/latest/},
year={2021},
publisher={Advanced Micro Devices}
}

%https://ieeexplore.ieee.org/abstract/document/5582063?casa_token=mEfnfO8kWMEAAAAA:3vDgjQ8RlrYOSJQeapUbgmGFgiLO5Ts-Qo7nshhehcuRhetgJiSnoa9VfYGU0bZUVxd65Q-lvzQ
@article{pythonEcosystem,
title={Python: an ecosystem for scientific computing},
author={Perez, Fernando and Granger, Brian E and Hunter, John D},
journal={Computing in Science \& Engineering},
volume={13},
number={2},
pages={13--21},
year={2010},
publisher={IEEE}
}

%https://www.tensorflow.org/learn
@article{tensorflow,
title={Introduction to {TensorFlow}},
journal={TensorFlow}, 
url={https://www.tensorflow.org/learn},
year={2021},
}

%https://arxiv.org/pdf/1603.04467.pdf
@article{largeScaleTensorflow,
title={{Tensorflow}: Large-scale machine learning on heterogeneous distributed systems},
author={Abadi, Mart{\'\i}n and Agarwal, Ashish and Barham, Paul and Brevdo, Eugene and Chen, Zhifeng and Citro, Craig and Corrado, Greg S and Davis, Andy and Dean, Jeffrey and Devin, Matthieu and others},
journal={arXiv preprint arXiv},
eprint={1603.04467},
year={2016}
}

%https://keras.rstudio.com/index.html
@article{keras,
author={Tomasz Kalinowski and JJ Allaire and François Chollet},
title={Guide to {Keras} Basics},
journal={Keras}, 
url={https://keras.rstudio.com/index.html},
year={2021},
}

%https://developer.download.nvidia.com/compute/cuda/1.1-Beta/x86_64_website/projects/convolutionSeparable/doc/convolutionSeparable.pdf
@article{cudaConvolution,
author={Victor Podlozhnyuk},
title={Image Convolution with {CUDA}},
publisher={NVIDIA}, 
url={https://developer.download.nvidia.com/compute/cuda/1.1-Beta/x86_64_website/projects/convolutionSeparable/doc/convolutionSeparable.pdf},
year={2007},
}

%https://developer.nvidia.com/blog/unifying-the-cuda-python-ecosystem/?ncid=em-news-853928-vt27#cid=an01_em-news_en-us
@article{cudaPython,
author={Matthew Nicely and Keith Kraus},
title={Unifying the {CUDA Python} Ecosystem},
publisher={NVIDIA Developer},
journal={Developer Blog},
url={https://developer.nvidia.com/blog/unifying-the-cuda-python-ecosystem/?ncid=em-news-853928-vt27#cid=an01_em-news_en-us},
year={2021},
}
